<record><leader>00000cas a22000007a 4500</leader><controlfield tag="001">16687830</controlfield><controlfield tag="008">870915d18861887iauwr ne      0    0eng d</controlfield><datafield ind1=" " ind2=" " tag="010"><subfield code="a">sn 87057039 </subfield></datafield><datafield ind1=" " ind2=" " tag="040"><subfield code="a">INP</subfield><subfield code="b">eng</subfield><subfield code="c">INP</subfield><subfield code="d">OCLCQ</subfield></datafield><datafield ind1=" " ind2=" " tag="042"><subfield code="a">msc</subfield></datafield><datafield ind1="0" ind2="4" tag="245"><subfield code="a">The Perry chief and Perry pilot.</subfield></datafield><datafield ind1="1" ind2="3" tag="246"><subfield code="a">Chief-pilot</subfield></datafield><datafield ind1="1" ind2="3" tag="246"><subfield code="a">Perry chief and pilot</subfield></datafield><datafield ind1=" " ind2=" " tag="260"><subfield code="a">Perry, Iowa :</subfield><subfield code="b">Hoeye &amp; O'Flyng,</subfield><subfield code="c">-1887.</subfield></datafield><datafield ind1=" " ind2=" " tag="300"><subfield code="a">v.</subfield></datafield><datafield ind1=" " ind2=" " tag="310"><subfield code="a">Weekly</subfield></datafield><datafield ind1="1" ind2=" " tag="362"><subfield code="a">Began in 1886?</subfield></datafield><datafield ind1="0" ind2=" " tag="362"><subfield code="a">-v. 14, no. 9 (Nov. 25, 1887).</subfield></datafield><datafield ind1=" " ind2=" " tag="500"><subfield code="a">Publisher varies.</subfield></datafield><datafield ind1=" " ind2=" " tag="515"><subfield code="a">Issues for &lt;vol. 12, no. 25 (Mar. 12, 1886&gt;-v. 14, no. 9 (Nov. 25, 1887) called also whole no. &lt;598&gt;-687.</subfield></datafield><datafield ind1=" " ind2=" " tag="588"><subfield code="a">Description based on: Vol. 12, no. 25 (Mar. 12, 1886).</subfield></datafield><datafield ind1=" " ind2=" " tag="752"><subfield code="a">United States</subfield><subfield code="b">Iowa</subfield><subfield code="c">Dallas</subfield><subfield code="d">Perry.</subfield></datafield><datafield ind1="0" ind2="4" tag="780"><subfield code="t">Perry chief (Perry, Iowa : 1874)</subfield><subfield code="w">(DLC)sn 84038392</subfield></datafield><datafield ind1="0" ind2="4" tag="780"><subfield code="t">Perry pilot (Perry, Iowa : 1880)</subfield><subfield code="w">(DLC)sn 87057425</subfield></datafield><datafield ind1="0" ind2="0" tag="785"><subfield code="t">Perry chief (Perry, Iowa : 1887)</subfield><subfield code="w">(DLC)sn 87057040</subfield></datafield></record>